@Article{vanEck2008,
    author = {N. J. van Eck and M. van Wezel},
    date = {Jun. 2008},
    journaltitle = {Computers \& Operations Research},
    title = {{Application of reinforcement learning to the game of Othello}},
    doi = {https://doi.org/10.1016/j.cor.2006.10.004},
    pages = {1999-2017},
    volume = {35, no. 6},
    URL = {https://citeseerx.ist.psu.edu/document?repid=rep1&type=pdf&doi=ceec5e39fdd0c8be0e6270c46488ccfe0254a6b6}
}

@InProceedings{vdRee2013,
    author={van der Ree, Michiel and Wiering, Marco},
    booktitle={2013 IEEE Symposium on Adaptive Dynamic Programming and Reinforcement Learning (ADPRL)}, 
    title={Reinforcement learning in the game of Othello: Learning against a fixed opponent and learning from self-play}, 
    year={2013},
    volume={},
    number={},
    pages={108-115},
    keywords={Games;Training;Learning (artificial intelligence);Artificial neural networks;Heuristic algorithms;Testing},
    doi={10.1109/ADPRL.2013.6614996},
    URL = {https://www.ai.rug.nl/~mwiering/GROUP/ARTICLES/paper-othello.pdf}
}

@article{RL_book,
    author = {Christos Dimitrakakis and Ronald Ortner},
    title = {Decision Making Under Uncertainty and
Reinforcement Learning},
    publisher = {Springer International Publishing},
    date = {March 21, 2021}
}

@article{codes,
    author = {FB36},
    title = {{Reversi Othello $\llangle$ Python recipes $\llangle$ ActiveState Code}},
    journal = {code.activestate.com},
    note = {Accessed: Mar. 18, 2024. The MIT License. Copyright (c) 2010 ActiveState Software Inc.},
    year = {2016},
    URL = {https://code.activestate.com/recipes/580698-reversi-othello/}
}

@article{DQN,
    author = {Christos Dimitrakakis and Jakub Tłuczek},
    title = {Deep Q Learning Jupyter Notebook},
    journal = {GitHub},
    date = {April, 2024},
    URL = {https://github.com/olethrosdc/rldmuu/blob/main/src/RL/deep_rl/DQN.ipynb}
}

@article{our_code,
    author = {Mathias Øgaard and Tobias Verheijen},
    title = {Othello Agent},
    journal = {GitHub},
    date = {June, 2024},
    URL = {https://github.com/Ma10as00/othello_agent}
}

@article{picture,
    author = {},
    title = {{Othello Reversi Online: Play Reversi Online Free}},
    journal = {playpager.com},
    year = {},
    note = {Accessed: Mar. 18, 2024},
    URL = {https://playpager.com/othello-reversi/}
}

@Comment{jabref-meta: databaseType:biblatex;}

@Comment{jabref-meta: saveActions:disabled;
all-text-fields[identity]
date[normalize_date]
month[normalize_month]
pages[normalize_page_numbers]
;}
